@misc{about-navoy,
  author       = {Navoy Inc.},
  title        = {About Navoy},
  note         = {\url{https://www.navoy.io/}},
  keywords     = {navoy,inc,about},
  year         = 2025,
  howpublished = {Visited on 28th of May 2025}
}

@misc{latex-project,
  author       = {The LaTeX Group},
  title        = {The official website},
  note         = {\url{https://www.latex-project.org/}},
  keywords     = {latex,typesetting,writing},
  year         = 2022,
  howpublished = {Visited on 28th of May 2025}
}
